<?xml version="1.0" encoding="UTF-8"?><collection xmlns="http://www.loc.gov/MARC21/slim"><record><leader>00416nam--2200133-i-4500</leader><controlfield tag="001">000020939</controlfield><controlfield tag="002">20161230</controlfield><controlfield tag="005">20161230201033</controlfield><controlfield tag="008">060222s1000------------r-----000-0-eng-d</controlfield><datafield ind1=" " ind2=" " tag="080"><subfield code="a">535.374(043)</subfield></datafield><datafield ind1=" " ind2=" " tag="100"><subfield code="a">Popa, Silviu Danut</subfield></datafield><datafield ind1=" " ind2=" " tag="245"><subfield code="a">Studiul spectroscopic al unei descarcari si po st-descarcari in azot si amestecuri n2-h2, in curgere, la presiune joasa. teza</subfield></datafield><datafield ind1=" " ind2=" " tag="260"><subfield code="a">Bucuresti, 1994. 200 P</subfield></datafield><datafield ind1=" " ind2=" " tag="852"><subfield code="a">80226</subfield></datafield></record></collection>